@article{humanmutrate,
    author = {Zhang, Zhaolei and Gerstein, Mark},
    title = "{Patterns of nucleotide substitution, insertion and deletion in the human genome inferred from pseudogenes}",
    journal = {Nucleic Acids Research},
    volume = {31},
    number = {18},
    pages = {5338-5348},
    year = {2003},
    month = {09},
    doi = {10.1093/nar/gkg745},
}

@article{drosophilamutrate,
    author = {Schrider, Daniel R and Houle, David and Lynch, Michael and Hahn, Matthew W},
    title = "{Rates and Genomic Consequences of Spontaneous Mutational Events in Drosophila melanogaster}",
    journal = {Genetics},
    volume = {194},
    number = {4},
    pages = {937-954},
    year = {2013},
    month = {08},
    doi = {10.1534/genetics.113.151670},
}

@article{hydropathy,
title = {A simple method for displaying the hydropathic character of a protein},
journal = {Journal of Molecular Biology},
volume = {157},
number = {1},
pages = {105-132},
year = {1982},
doi = {10.1016/0022-2836(82)90515-0},
author = {Jack Kyte and Russell F. Doolittle},
}


@article{tata1,
title = {{TATA element recognition by the TATA box-binding protein has been conserved throughout evolution}},
volume = {13}, 
number = {24}, 
pages = {3217-3230}, 
year = {1999}, 
journal = {Genes \& Development},
author = {Patikoglou, Georgia A. and Kim, Joseph L. and Sun, Liping and Yang, Sang-Hwa and Kodadek, Thomas and Burley, Stephen K.},
doi = {10.1101/gad.13.24.3217}
}

@article{tata2,
title = {{Identification and Distinct Regulation of Yeast TATA Box-Containing Genes}},
journal = {Cell},
volume = {116},
number = {5},
pages = {699-709},
year = {2004},
author = {Andrew D Basehoar and Sara J Zanton and B.Franklin Pugh},
doi = {10.1016/S0092-8674(04)00205-3}
}

@article{Inr,
author = {Kugel, Jennifer F. and Goodrich, James A.}, 
title = {Finding the start site: redefining the human initiator element},
volume = {31}, 
number = {1}, 
pages = {1-2}, 
year = {2017}, 
doi = {10.1101/gad.295980.117}, 
journal = {Genes \& Development} 
}

@article{polyA,
author = {Proudfoot, Nick J.}, 
title = {{Ending the message: poly(A) signals then and now}},
volume = {25}, 
number = {17}, 
pages = {1770-1782}, 
year = {2011}, 
doi = {10.1101/gad.17268411}, 
journal = {Genes \& Development} 
}

@incollection{GEBox,
title = {Robustness in the Strategy of Scientific Model Building},
booktitle = {Robustness in Statistics},
publisher = {Academic Press},
pages = {201-236},
year = {1979},
isbn = {978-0-12-438150-6},
doi = {10.1016/B978-0-12-438150-6.50018-2},
author = {G.E.P. Box},
}

@article{joshmutbias,
author = {Alejandro V. Cano  and Hana Rozho\v{n}ov\'{a}  and Arlin Stoltzfus  and David M. McCandlish  and Joshua L. Payne},
title = {Mutation bias shapes the spectrum of adaptive substitutions},
journal = {Proceedings of the National Academy of Sciences},
volume = {119},
number = {7},
pages = {e2119720119},
year = {2022},
doi = {10.1073/pnas.2119720119},
}

@article{MNM,
author = {Harris, Kelley and Nielsen, Rasmus}, 
title = {Error-prone polymerase activity causes multinucleotide mutations in humans},
volume = {24}, 
number = {9}, 
pages = {1445-1454}, 
year = {2014}, 
doi = {10.1101/gr.170696.113},
journal = {Genome Research} 
}


@Article{mutbiasArabidopsis,
author={Monroe, J. Grey
and Srikant, Thanvi
and Carbonell-Bejerano, Pablo
and Becker, Claude
and Lensink, Mariele
and Exposito-Alonso, Moises
and Klein, Marie
and Hildebrandt, Julia
and Neumann, Manuela
and Kliebenstein, Daniel
and Weng, Mao-Lun
and Imbert, Eric
and {\AA}gren, Jon
and Rutter, Matthew T.
and Fenster, Charles B.
and Weigel, Detlef},
title={Mutation bias reflects natural selection in Arabidopsis thaliana},
journal={Nature},
year={2022},
month={Feb},
day={01},
volume={602},
number={7895},
pages={101-105},
issn={1476-4687},
doi={10.1038/s41586-021-04269-6},
}

